% !TEX root = debate_casefile.tex

% Optional fields: volume, number, pages, month, note
@MISC{homeopathy_kurzgesagt,
	author = {Kurzgesagt},
	title = {Homeopathy Explained â€“ Gentle Healing or Reckless Fraud?},
	year = {2018},
	howpublished = {\url{https://www.youtube.com/watch?v=8HslUzw35mcURL}},
	urldate = {22-Feb-2018}
}

